@book{Sicard2015,
    Author = {Andr\'es Sicard-Ram\'irez},
    Publisher = {PEDECIBA Inform\'atica, Universidad de la Rep\'ublica.},
    Country = {Uruguay},
    Title = {Reasoning about functional programs by combining interactive and automatic proofs.},
    Year = {2015}}

@Article{Sut09,
    Author       = "Sutcliffe, G.",
    Year         = "2009",
    Title        = "{The TPTP Problem Library and Associated Infrastructure:
                    The FOF and CNF Parts, v3.5.0}",
    Journal      = "Journal of Automated Reasoning",
    Volume       = "43",
    Number       = "4",
    Pages        = "337-362"
}